<record><leader>00000cas a22000007a 4500</leader><controlfield tag="001">12187452</controlfield><controlfield tag="008">850621d18881888hiuwr ne      0    0haw d</controlfield><datafield ind1=" " ind2=" " tag="010"><subfield code="a">sn 85047099 </subfield></datafield><datafield ind1=" " ind2=" " tag="040"><subfield code="a">HWN</subfield><subfield code="b">eng</subfield><subfield code="c">HWN</subfield><subfield code="d">HIL</subfield><subfield code="d">OCLCQ</subfield><subfield code="d">OCLCF</subfield><subfield code="d">OCLCO</subfield></datafield><datafield ind1=" " ind2=" " tag="042"><subfield code="a">msc</subfield></datafield><datafield ind1=" " ind2=" " tag="043"><subfield code="a">n-us-hi</subfield></datafield><datafield ind1="0" ind2=" " tag="130"><subfield code="a">Alakai o Hawaii (Honolulu, Hawaii : 1888)</subfield></datafield><datafield ind1="1" ind2="3" tag="245"><subfield code="a">Ke Alakai o Hawaii.</subfield></datafield><datafield ind1="1" ind2="3" tag="246"><subfield code="a">Alakai o Hawaii puka pule</subfield></datafield><datafield ind1=" " ind2=" " tag="260"><subfield code="a">Honolulu [Hawaii :</subfield><subfield code="b">s.n.],</subfield><subfield code="c">1888-</subfield></datafield><datafield ind1=" " ind2=" " tag="300"><subfield code="a">1 v. ;</subfield><subfield code="c">46 cm.</subfield></datafield><datafield ind1=" " ind2=" " tag="310"><subfield code="a">Weekly</subfield></datafield><datafield ind1="0" ind2=" " tag="362"><subfield code="a">Buke 1, helu 1 (Ianuari 7, 1888)-</subfield></datafield><datafield ind1="1" ind2=" " tag="362"><subfield code="a">Ceased with Dec. 1, 1888 issue.</subfield><subfield code="z">Cf. Mookini, E.K. Hawaiian newspapers.</subfield></datafield><datafield ind1=" " ind2=" " tag="546"><subfield code="a">In Hawaiian.</subfield></datafield><datafield ind1=" " ind2=" " tag="580"><subfield code="a">Issued concurrently with a daily of the same title.</subfield></datafield><datafield ind1=" " ind2="0" tag="650"><subfield code="a">Hawaiian language</subfield><subfield code="x">Texts.</subfield></datafield><datafield ind1=" " ind2="0" tag="651"><subfield code="a">Hawaii</subfield><subfield code="v">Newspapers.</subfield></datafield><datafield ind1=" " ind2="7" tag="655"><subfield code="a">Newspapers.</subfield><subfield code="2">fast</subfield><subfield code="0">(OCoLC)fst01423814</subfield></datafield><datafield ind1=" " ind2="7" tag="655"><subfield code="a">Texts.</subfield><subfield code="2">fast</subfield><subfield code="0">(OCoLC)fst01423705</subfield></datafield><datafield ind1=" " ind2="7" tag="650"><subfield code="a">Hawaiian language.</subfield><subfield code="2">fast</subfield><subfield code="0">(OCoLC)fst00952008</subfield></datafield><datafield ind1=" " ind2="7" tag="651"><subfield code="a">Hawaii.</subfield><subfield code="2">fast</subfield><subfield code="0">(OCoLC)fst01208724</subfield></datafield><datafield ind1=" " ind2=" " tag="752"><subfield code="a">United States</subfield><subfield code="b">Hawaii</subfield><subfield code="c">Honolulu</subfield><subfield code="d">Honolulu.</subfield></datafield><datafield ind1="1" ind2=" " tag="787"><subfield code="t">Alakai o Hawaii (Honolulu, Hawaii : 1887)</subfield><subfield code="w">(DLC)sn 85047098</subfield><subfield code="w">(OCoLC)12159854</subfield></datafield></record>